<record><leader>00000cas a2200000 a 4500</leader><controlfield tag="001">23066560</controlfield><controlfield tag="008">910206d19891992mauwr ne      0   a0eng c</controlfield><datafield ind1=" " ind2=" " tag="010"><subfield code="a">sn 92002507 </subfield></datafield><datafield ind1=" " ind2=" " tag="040"><subfield code="a">NED</subfield><subfield code="b">eng</subfield><subfield code="c">NED</subfield><subfield code="d">NSD</subfield><subfield code="d">MGN</subfield><subfield code="d">OCLCQ</subfield><subfield code="d">OCLCF</subfield><subfield code="d">OCLCO</subfield></datafield><datafield ind1="1" ind2=" " tag="022"><subfield code="a">1062-4309</subfield><subfield code="l">1062-4309</subfield><subfield code="y">0162-0797</subfield><subfield code="2">1</subfield></datafield><datafield ind1="1" ind2=" " tag="029"><subfield code="a">AU@</subfield><subfield code="b">000025903150</subfield></datafield><datafield ind1=" " ind2=" " tag="037"><subfield code="b">New England Journal of Transportation, P.O. Box 404, 31 Fargo St., S. Boston, MA 02127</subfield></datafield><datafield ind1=" " ind2=" " tag="042"><subfield code="a">nsdp</subfield><subfield code="a">pcc</subfield></datafield><datafield ind1=" " ind2=" " tag="043"><subfield code="a">n-usn--</subfield></datafield><datafield ind1=" " ind2="4" tag="222"><subfield code="a">The New England journal of transportation</subfield></datafield><datafield ind1="0" ind2="4" tag="245"><subfield code="a">The New England journal of transportation.</subfield></datafield><datafield ind1=" " ind2=" " tag="260"><subfield code="a">Boston, Mass. :</subfield><subfield code="b">New England Journal of Transportation,</subfield><subfield code="c">1989-1992.</subfield></datafield><datafield ind1=" " ind2=" " tag="300"><subfield code="a">v. :</subfield><subfield code="b">ill. ;</subfield><subfield code="c">44 cm.</subfield></datafield><datafield ind1=" " ind2=" " tag="310"><subfield code="a">Weekly</subfield></datafield><datafield ind1="0" ind2=" " tag="362"><subfield code="a">70th year, no. 1081 (Dec. 1, 1989)-72nd year, no. 1186 (Jan. 3, 1992).</subfield></datafield><datafield ind1=" " ind2=" " tag="500"><subfield code="a">"Serving New England shipping, trucking, airfreight, railroads."</subfield></datafield><datafield ind1=" " ind2="0" tag="650"><subfield code="a">Transportation</subfield><subfield code="z">New England</subfield><subfield code="v">Newspapers.</subfield></datafield><datafield ind1=" " ind2="0" tag="650"><subfield code="a">Shipping</subfield><subfield code="z">New England</subfield><subfield code="v">Newspapers.</subfield></datafield><datafield ind1=" " ind2="0" tag="650"><subfield code="a">Railroads</subfield><subfield code="z">New England</subfield><subfield code="v">Newspapers.</subfield></datafield><datafield ind1=" " ind2="7" tag="655"><subfield code="a">Newspapers.</subfield><subfield code="2">fast</subfield><subfield code="0">(OCoLC)fst01423814</subfield></datafield><datafield ind1=" " ind2="7" tag="650"><subfield code="a">Railroads.</subfield><subfield code="2">fast</subfield><subfield code="0">(OCoLC)fst01088711</subfield></datafield><datafield ind1=" " ind2="7" tag="650"><subfield code="a">Shipping.</subfield><subfield code="2">fast</subfield><subfield code="0">(OCoLC)fst01116352</subfield></datafield><datafield ind1=" " ind2="7" tag="650"><subfield code="a">Transportation.</subfield><subfield code="2">fast</subfield><subfield code="0">(OCoLC)fst01155007</subfield></datafield><datafield ind1=" " ind2="7" tag="651"><subfield code="a">New England.</subfield><subfield code="2">fast</subfield><subfield code="0">(OCoLC)fst01241913</subfield></datafield><datafield ind1=" " ind2=" " tag="752"><subfield code="a">United States</subfield><subfield code="b">Massachusetts</subfield><subfield code="c">Suffolk</subfield><subfield code="d">Boston.</subfield></datafield><datafield ind1="0" ind2="0" tag="780"><subfield code="t">Boston marine guide and New England transportation review</subfield><subfield code="x">0162-0797</subfield><subfield code="w">(DLC)sn 78005871</subfield><subfield code="w">(OCoLC)4102284</subfield></datafield><datafield ind1="0" ind2="0" tag="785"><subfield code="t">Northeast journal of transportation</subfield><subfield code="x">1061-8090</subfield><subfield code="w">(DLC)sn 92002474</subfield></datafield></record>